@string{apl = {Appl. Phys. Lett.}}
@string{arpc = {Annu. Rev. Phys. Chem.}}
@string{assp = {Adv. Solid State Phys.}}
@string{cise = {Computing in Science and Eng.}}
@string{cpl = {Chem. Phys. Lett.}}
@string{epl = {Europhys. Lett.}}
@string{ijqc = {Int. J. Quant. Chem.}}
@string{jap = {J. Appl. Phys.}}
@string{jce = {J. Comput. Electron.}}
@string{jcg = {J. Cryst. Growth}}
@string{jcp = {J. Chem. Phys.}}
@string{jem = {J. Elec. Mat.}}
@string{jltp = {J. of Low Temp. Phys.}}
@string{jp = {J. Physique}}
@string{jpc = {J. Phys. Chem.}}
@string{jpcb = {J. Phys. Chem. B}}
@string{jpcm = {J. Phys.: Condens. Matter}}
@string{jsp = {J. Stat. Phys.}}
@string{mrs = {MRS Bull.}}
@string{nature = {Nature}}
@string{npa = {Nuc. Phys. A}}
@string{pe = {Physica E}}
@string{pla = {Phys. Lett. A}}
@string{plb = {Phys. Lett. B}}
@string{pnas = {Proc. Nat. Acad. Sci.}}
@string{pr = {Phys. Rev}}
@string{pra = {Phys. Rev. A}}
@string{prb = {Phys. Rev. B}}
@string{prc = {Phys. Rev. C}}
@string{prd = {Phys. Rev. D}}
@string{pre = {Phys. Rev. E}}
@string{prl = {Phys. Rev. Lett.}}
@string{pssa = {Phys. Stat. Sol. (a)}}
@string{pssb = {Phys. Stat. Sol. (b)}}
@string{rmp = {Rev. Mod. Phys.}}
@string{science = {Science}}
@string{sm = {Superlattices and Microstructures}}
@string{ssc = {Solid State Comm.}}
@string{sst = {Semicond. Sci. Technol.}}

@inproceedings{bazzi,
  title={The bounded data reuse problem in scientific workflows},
  author={Zohrevandi, Mohsen and Bazzi, Rida A},
  booktitle={Parallel \& Distributed Processing (IPDPS), 2013 IEEE 27th International Symposium on},
  pages={1051--1062},
  year={2013},
  organization={IEEE}
}
@misc{oozie_webpage_2015,
author={Oozie.apache.org,},
title={Oozie - Apache Oozie Workflow Scheduler for Hadoop},
url={http://oozie.apache.org/},
urldate={2015-12-6},
year={2015}
}
@misc{oozie_documentation_2016,
author={Oozie.apache.org,},
title={Oozie -},
url={http://oozie.apache.org/docs/4.2.0/DG_Overview.html},
urldate={2016-1-14},
year={2016}
}
@article{gil2007examining,
  title={Examining the challenges of scientific workflows},
  author={Gil, Yolanda and Deelman, Ewa and Ellisman, Mark and Fahringer, Thomas and Fox, Geoffrey and Gannon, Dennis and Goble, Carole and Livny, Miron and Moreau, Luc and Myers, Jim},
  journal={Ieee computer},
  volume={40},
  number={12},
  pages={26--34},
  year={2007},
  publisher={IEEE}
}

@article{yu2005taxonomy,
  title={A taxonomy of workflow management systems for grid computing},
  author={Yu, Jia and Buyya, Rajkumar},
  journal={Journal of Grid Computing},
  volume={3},
  number={3-4},
  pages={171--200},
  year={2005},
  publisher={Springer}
}

@article{fox2006special,
  title={Special issue: Workflow in grid systems},
  author={Fox, Geoffrey C and Gannon, Dennis},
  journal={Concurrency and Computation: Practice and Experience},
  volume={18},
  number={10},
  pages={1009--1019},
  year={2006},
  publisher={Wiley Online Library}
}

@inproceedings{islam2012oozie,
  title={Oozie: towards a scalable workflow management system for hadoop},
  author={Islam, Mohammad and Huang, Angelo K and Battisha, Mohamed and Chiang, Michelle and Srinivasan, Santhosh and Peters, Craig and Neumann, Andreas and Abdelnur, Alejandro},
  booktitle={Proceedings of the 1st ACM SIGMOD Workshop on Scalable Workflow Execution Engines and Technologies},
  pages={4},
  year={2012},
  organization={ACM}
}

@article{deelman2009workflows,
  title={Workflows and e-Science: An overview of workflow system features and capabilities},
  author={Deelman, Ewa and Gannon, Dennis and Shields, Matthew and Taylor, Ian},
  journal={Future Generation Computer Systems},
  volume={25},
  number={5},
  pages={528--540},
  year={2009},
  publisher={Elsevier}
}

@inproceedings{altintas2004kepler,
  title={Kepler: an extensible system for design and execution of scientific workflows},
  author={Altintas, Ilkay and Berkley, Chad and Jaeger, Efrat and Jones, Matthew and Ludascher, Bertram and Mock, Steve},
  booktitle={Scientific and Statistical Database Management, 2004. Proceedings. 16th International Conference on},
  pages={423--424},
  year={2004},
  organization={IEEE}
}

@article{oinn2006taverna,
  title={Taverna: lessons in creating a workflow environment for the life sciences},
  author={Oinn, Tom and Greenwood, Mark and Addis, Matthew and Alpdemir, M Nedim and Ferris, Justin and Glover, Kevin and Goble, Carole and Goderis, Antoon and Hull, Duncan and Marvin, Darren and others},
  journal={Concurrency and Computation: Practice and Experience},
  volume={18},
  number={10},
  pages={1067--1100},
  year={2006},
  publisher={Wiley Online Library}
}


@inproceedings{singh2008workflow,
  title={Workflow task clustering for best effort systems with Pegasus},
  author={Singh, Gurmeet and Su, Mei-Hui and Vahi, Karan and Deelman, Ewa and Berriman, Bruce and Good, John and Katz, Daniel S and Mehta, Gaurang},
  booktitle={Proceedings of the 15th ACM Mardi Gras conference: From lightweight mash-ups to lambda grids: Understanding the spectrum of distributed computing requirements, applications, tools, infrastructures, interoperability, and the incremental adoption of key capabilities},
  pages={9},
  year={2008},
  organization={ACM}
}

@article{yuan2012data,
  title={A data dependency based strategy for intermediate data storage in scientific cloud workflow systems},
  author={Yuan, Dong and Yang, Yun and Liu, Xiao and Zhang, Gaofeng and Chen, Jinjun},
  journal={Concurrency and Computation: Practice and Experience},
  volume={24},
  number={9},
  pages={956--976},
  year={2012},
  publisher={Wiley Online Library}
}

@article{reed1996analysis,
  title={Analysis of caching algorithms for distributed file systems},
  author={Reed, Benjamin and Long, Darrell DE},
  journal={ACM SIGOPS Operating Systems Review},
  volume={30},
  number={3},
  pages={12--21},
  year={1996},
  publisher={ACM}
}

@article{petri1962kommunikation,
  title={Kommunikation mit automaten},
  author={Petri, Carl Adam},
  year={1962}
}

@incollection{gallo1980quadratic,
  title={Quadratic knapsack problems},
  author={Gallo, Giorgio and Hammer, Peter L and Simeone, Bruno},
  booktitle={Combinatorial Optimization},
  pages={132--149},
  year={1980},
  publisher={Springer}
}

@misc{wiki:pure_function,
	author={Wikipedia},
	title={Pure function --- Wikipedia, The Free Encyclopedia},
	year={2016},
	url={https://en.wikipedia.org/wiki/Pure_function},
	note="[Online; accessed 11-October-2016]"
}